@BOOK{maimon:datamining,
  EDITOR = "Maimon, Oded and Rokach, Lior",
  TITLE = "Data Mining and Knowledge Discovery Handbook",
  EDITION = "2.",
  PUBLISHER = "Springer",
  ADDRESS = "New York",
  YEAR = "2010"
}

@BOOK{yates:mir,
  AUTHOR  = "Baeza-Yates, Ricardo, Ribeiro-Neto, Berthier",
  TITLE = "Modern Information Retrieval",
  PUBLISHER = "ACM Press Addison-Wesley",
  ADDRESS = "New York Harlow",
  YEAR = "1999"
}


@ARTICLE{Lodhi:textclass,
 author = {Lodhi, Huma and Saunders, Craig and Shawe-Taylor, John and Cristianini, Nello and Watkins, Chris},
 title = {Text Classification Using String Kernels},
 journal = {J. Mach. Learn. Res.},
 issue_date = {3/1/2002},
 volume = {2},
 month = mar,
 year = {2002},
 issn = {1532-4435},
 pages = {419--444},
 numpages = {26},
 url = {http://dx.doi.org/10.1162/153244302760200687},
 doi = {10.1162/153244302760200687},
 acmid = {944799},
 publisher = {JMLR.org},
 keywords = {approximating kernels, kernels and support vector machines, string subsequence kernel, text classification},
}

@ARTICLE{Campbell:supportvector,
 author = {W. M. Campbell and J. P. Campbell and D. A. Reynolds and E. Singer and P. A. Torres-carrasquillo},
 title = {Support vector machines for speaker and language recognition},
 journal = {Computer Speech and Language},
 year = {2006},
 volume = {20},
 pages = {210--229}
}

		
@inproceedings{Rehurek:languageidentification,
 author = {Řehůřek, Radim and Kolkus, Milan},
 address = {Mexico City, Mexico},
 booktitle = {Computational Linguistics and Intelligent Text Processing, 10th International Conference, CICLing 2009, Proceedings.},
 doi = {http://dx.doi.org/10.1007/978-3-642-00382-0_29},
 edition = {první},
 keywords = {machine learning; language segmentation; language identification},
 howpublished = {tištěná verze "print"},
 language = {eng},
 location = {Mexico City, Mexico},
 isbn = {978-3-642-00381-3},
 pages = {357-368},
 publisher = {Springer-Verlag},
 title = {Language Identification on the Web: Extending the Dictionary Method},
 url = {http://www.cicling.org/2009/},
 year = {2009}
}

@inproceedings{Martins:langidentweb,
 author = {Martins, Bruno and Silva, M\'{a}rio J.},
 title = {Language Identification in Web Pages},
 booktitle = {Proceedings of the 2005 ACM Symposium on Applied Computing},
 series = {SAC '05},
 year = {2005},
 isbn = {1-58113-964-0},
 location = {Santa Fe, New Mexico},
 pages = {764--768},
 numpages = {5},
 url = {http://doi.acm.org/10.1145/1066677.1066852},
 doi = {10.1145/1066677.1066852},
 acmid = {1066852},
 publisher = {ACM},
 address = {New York, NY, USA},
} 

@INPROCEEDINGS{trenkle:ngram,
    author = {William B. Cavnar and John M. Trenkle},
    title = {N-Gram-Based Text Categorization},
    booktitle = {In Proceedings of SDAIR-94, 3rd Annual Symposium on Document Analysis and Information Retrieval},
    year = {1994},
    pages = {161--175}
}

@inproceedings{Baldwin:shortlong,
 author = {Baldwin, Timothy and Lui, Marco},
 title = {Language Identification: The Long and the Short of the Matter},
 booktitle = {Human Language Technologies: The 2010 Annual Conference of the North American Chapter of the Association for Computational Linguistics},
 series = {HLT '10},
 year = {2010},
 isbn = {1-932432-65-5},
 location = {Los Angeles, California},
 pages = {229--237},
 numpages = {9},
 url = {http://dl.acm.org/citation.cfm?id=1857999.1858026},
 acmid = {1858026},
 publisher = {Association for Computational Linguistics},
 address = {Stroudsburg, PA, USA},
}

@article{friedman:mart,
  title={Multiple additive regression trees with application in epidemiology},
  author={Friedman, Jerome H and Meulman, Jacqueline J},
  journal={Statistics in medicine},
  volume={22},
  number={9},
  pages={1365--1381},
  year={2003},
  publisher={Wiley Online Library}
}

@book{langley:oblivious,
  title={Oblivious decision trees and abstract cases},
  author={Langley, Pat and Sage, Stephanie},
  year={1994},
  publisher={Defense Technical Information Center}
}

@inproceedings{trofimov:matrixnet,
 author = {Trofimov, Ilya and Kornetova, Anna and Topinskiy, Valery},
 title = {Using Boosted Trees for Click-through Rate Prediction for Sponsored Search},
 booktitle = {Proceedings of the Sixth International Workshop on Data Mining for Online Advertising and Internet Economy},
 series = {ADKDD '12},
 year = {2012},
 isbn = {978-1-4503-1545-6},
 location = {Beijing, China},
 pages = {2:1--2:6},
 articleno = {2},
 numpages = {6},
 url = {http://doi.acm.org/10.1145/2351356.2351358},
 doi = {10.1145/2351356.2351358},
 acmid = {2351358},
 publisher = {ACM},
 address = {New York, NY, USA},
 keywords = {CTR, boosting, click-through rate, decision tree, sponsored search, web advertising},
} 
